@article{jothi2015data,
  title={Data mining in healthcare--a review},
  author={Jothi, Neesha and Husain, Wahidah and others},
  journal={Procedia Computer Science},
  volume={72},
  pages={306--313},
  year={2015},
  publisher={Elsevier}
}


@article{fayyad1996data,
  title={From data mining to knowledge discovery in databases},
  author={Fayyad, Usama and Piatetsky-Shapiro, Gregory and Smyth, Padhraic},
  journal={AI magazine},
  volume={17},
  number={3},
  pages={37--37},
  year={1996}
}

@article{wu2008top,
  title={Top 10 algorithms in data mining},
  author={Wu, Xindong and Kumar, Vipin and Quinlan, J Ross and Ghosh, Joydeep and Yang, Qiang and Motoda, Hiroshi and McLachlan, Geoffrey J and Ng, Angus and Liu, Bing and Philip, S Yu and others},
  journal={Knowledge and information systems},
  volume={14},
  number={1},
  pages={1--37},
  year={2008},
  publisher={Springer}
}

@article{camilo2009mineraccao,
  title={Minera{\c{c}}{\~a}o de dados: Conceitos, tarefas, m{\'e}todos e ferramentas},
  author={Camilo, C{\'a}ssio Oliveira and Silva, Jo{\~a}o Carlos da},
  journal={Universidade Federal de Goi{\'a}s (UFC)},
  pages={1--29},
  year={2009}
}

@article{galvao2009tecnica,
  title={T{\'e}cnica de minera{\c{c}}{\~a}o de dados: uma revis{\~a}o da literatura},
  author={Galv{\~a}o, Noemi Dreyer and de F{\'a}tima Marin, Heimar},
  journal={Acta Paulista de Enfermagem},
  volume={22},
  number={5},
  pages={686--690},
  year={2009},
  publisher={Universidade Federal de S{\~a}o Paulo}
}

@article{allahyari2017brief,
  title={A brief survey of text mining: Classification, clustering and extraction techniques},
  author={Allahyari, Mehdi and Pouriyeh, Seyedamin and Assefi, Mehdi and Safaei, Saied and Trippe, Elizabeth D and Gutierrez, Juan B and Kochut, Krys},
  journal={arXiv preprint arXiv:1707.02919},
  year={2017}
}